<?xml version="1.0" encoding="UTF-8"?><collection xmlns="http://www.loc.gov/MARC21/slim"><record><leader>00493nam--2200193-i-4500</leader><controlfield tag="001">000050163</controlfield><controlfield tag="002">20161230</controlfield><controlfield tag="005">20161230201048</controlfield><controlfield tag="008">060222s1000------------r-----000-0-rus-d</controlfield><datafield ind1=" " ind2=" " tag="040"><subfield code="a">IFIN-HH</subfield></datafield><datafield ind1=" " ind2=" " tag="041"><subfield code="a">rus</subfield></datafield><datafield ind1=" " ind2=" " tag="080"><subfield code="a">531.19</subfield></datafield><datafield ind1="1" ind2=" " tag="100"><subfield code="a">Bazarov, I. P</subfield></datafield><datafield ind1=" " ind2=" " tag="245"><subfield code="a">Teoriia sistem mnogih chastic</subfield><subfield code="c">I.p. bazarov; p.n. nikolaev</subfield></datafield><datafield ind1=" " ind2=" " tag="260"><subfield code="a">Moskva</subfield><subfield code="b">Moskovskogo Universiteta</subfield><subfield code="c">1984</subfield></datafield><datafield ind1=" " ind2=" " tag="300"><subfield code="a">312 S</subfield></datafield><datafield ind1="1" ind2=" " tag="700"><subfield code="a">Nikolaev, P.N</subfield></datafield><datafield ind1=" " ind2=" " tag="852"><subfield code="a">72199</subfield><subfield code="c">536</subfield></datafield><datafield ind1=" " ind2=" " tag="CAT"><subfield code="a">Sys</subfield><subfield code="c">20110510</subfield><subfield code="h">152024</subfield></datafield></record></collection>